# ğŸ“Š SimulaÃ§Ã£o: Sistema de Estoque com Custo MÃ©dio Ponderado

## ğŸ¯ CenÃ¡rio

Vamos simular a compra e venda de **Arroz Branco Tipo 1** usando o mÃ©todo de **Custo MÃ©dio Ponderado**.

---

## ğŸ“¦ PASSO 1: Compras (Entradas de Estoque)

### Compra 1: 10kg a R$ 20,00
```
Data: 14/12/2024
Lote: LOTE-2024-001
Quantidade: 10kg
Custo UnitÃ¡rio: R$ 2,00/kg
Custo Total: R$ 20,00
Fornecedor: Fornecedor A
```

**Estoque apÃ³s Compra 1:**
- Quantidade Total: **10kg**
- Valor Total: **R$ 20,00**
- **Custo MÃ©dio: R$ 2,00/kg**

---

### Compra 2: 10kg a R$ 25,00
```
Data: 14/12/2024
Lote: LOTE-2024-002
Quantidade: 10kg
Custo UnitÃ¡rio: R$ 2,50/kg
Custo Total: R$ 25,00
Fornecedor: Fornecedor B
```

**CÃ¡lculo do Novo Custo MÃ©dio:**
```
Estoque Anterior: 10kg Ã— R$ 2,00 = R$ 20,00
Nova Compra:      10kg Ã— R$ 2,50 = R$ 25,00
â”€â”€â”€â”€â”€â”€â”€â”€â”€â”€â”€â”€â”€â”€â”€â”€â”€â”€â”€â”€â”€â”€â”€â”€â”€â”€â”€â”€â”€â”€â”€â”€â”€â”€â”€â”€â”€â”€â”€â”€â”€â”€â”€â”€â”€
Total:            20kg           = R$ 45,00

Custo MÃ©dio = R$ 45,00 Ã· 20kg = R$ 2,25/kg
```

**Estoque apÃ³s Compra 2:**
- Quantidade Total: **20kg**
- Valor Total: **R$ 45,00**
- **Custo MÃ©dio: R$ 2,25/kg** â¬†ï¸

---

### Compra 3: 10kg a R$ 28,00
```
Data: 14/12/2024
Lote: LOTE-2024-003
Quantidade: 10kg
Custo UnitÃ¡rio: R$ 2,80/kg
Custo Total: R$ 28,00
Fornecedor: Fornecedor C
```

**CÃ¡lculo do Novo Custo MÃ©dio:**
```
Estoque Anterior: 20kg Ã— R$ 2,25 = R$ 45,00
Nova Compra:      10kg Ã— R$ 2,80 = R$ 28,00
â”€â”€â”€â”€â”€â”€â”€â”€â”€â”€â”€â”€â”€â”€â”€â”€â”€â”€â”€â”€â”€â”€â”€â”€â”€â”€â”€â”€â”€â”€â”€â”€â”€â”€â”€â”€â”€â”€â”€â”€â”€â”€â”€â”€â”€
Total:            30kg           = R$ 73,00

Custo MÃ©dio = R$ 73,00 Ã· 30kg = R$ 2,4333.../kg
```

**Estoque apÃ³s Compra 3:**
- Quantidade Total: **30kg**
- Valor Total: **R$ 73,00**
- **Custo MÃ©dio: R$ 2,43/kg** â¬†ï¸

---

## ğŸ“Š Resumo do Estoque (Antes da Venda)

| Lote | Quantidade | Custo Unit. | Custo Total |
|------|------------|-------------|-------------|
| LOTE-2024-001 | 10kg | R$ 2,00/kg | R$ 20,00 |
| LOTE-2024-002 | 10kg | R$ 2,50/kg | R$ 25,00 |
| LOTE-2024-003 | 10kg | R$ 2,80/kg | R$ 28,00 |
| **TOTAL** | **30kg** | **R$ 2,43/kg** | **R$ 73,00** |

---

## ğŸ›’ PASSO 2: Venda - 15kg a R$ 45,00

```
Data: 14/12/2024
Quantidade Vendida: 15kg
PreÃ§o de Venda Total: R$ 45,00
PreÃ§o de Venda UnitÃ¡rio: R$ 3,00/kg
```

### ğŸ’µ CÃ¡lculo do CMV (Custo da Mercadoria Vendida)

Com **Custo MÃ©dio Ponderado**, usamos o custo mÃ©dio atual do estoque:

```
CMV = Quantidade Vendida Ã— Custo MÃ©dio
CMV = 15kg Ã— R$ 2,43/kg
CMV = R$ 36,50
```

### ğŸ“ˆ AnÃ¡lise Financeira

| Item | Valor |
|------|-------|
| **Receita Total** | R$ 45,00 |
| **CMV (Custo)** | R$ 36,50 |
| **Lucro Bruto** | R$ 8,50 |
| **Margem de Lucro** | **18,9%** |

---

## ğŸ“¦ Estoque Final (ApÃ³s a Venda)

**CÃ¡lculo do Estoque Remanescente:**
```
Estoque Anterior: 30kg Ã— R$ 2,43 = R$ 73,00
Venda (CMV):      15kg Ã— R$ 2,43 = R$ 36,50
â”€â”€â”€â”€â”€â”€â”€â”€â”€â”€â”€â”€â”€â”€â”€â”€â”€â”€â”€â”€â”€â”€â”€â”€â”€â”€â”€â”€â”€â”€â”€â”€â”€â”€â”€â”€â”€â”€â”€â”€â”€â”€â”€â”€â”€
Estoque Final:    15kg           = R$ 36,50

Custo MÃ©dio continua: R$ 2,43/kg
```

**Resumo:**
- Quantidade Total: **15kg**
- Valor Total: **R$ 36,50**
- **Custo MÃ©dio: R$ 2,43/kg** (mantÃ©m o mesmo)

---

## ğŸ”„ ComparaÃ§Ã£o: FIFO vs Custo MÃ©dio

### Com FIFO (First In, First Out)
```
Venda de 15kg baixaria dos lotes mais antigos:
- 10kg do Lote 1 (R$ 2,00/kg) = R$ 20,00
- 5kg do Lote 2 (R$ 2,50/kg)  = R$ 12,50
â”€â”€â”€â”€â”€â”€â”€â”€â”€â”€â”€â”€â”€â”€â”€â”€â”€â”€â”€â”€â”€â”€â”€â”€â”€â”€â”€â”€â”€â”€â”€â”€â”€â”€â”€â”€â”€â”€â”€â”€â”€â”€â”€â”€â”€
CMV Total = R$ 32,50
Lucro = R$ 45,00 - R$ 32,50 = R$ 12,50 (27,8%)
```

### Com Custo MÃ©dio Ponderado
```
Venda de 15kg usa o custo mÃ©dio:
- 15kg Ã— R$ 2,43/kg = R$ 36,50
â”€â”€â”€â”€â”€â”€â”€â”€â”€â”€â”€â”€â”€â”€â”€â”€â”€â”€â”€â”€â”€â”€â”€â”€â”€â”€â”€â”€â”€â”€â”€â”€â”€â”€â”€â”€â”€â”€â”€â”€â”€â”€â”€â”€â”€
CMV Total = R$ 36,50
Lucro = R$ 45,00 - R$ 36,50 = R$ 8,50 (18,9%)
```

### DiferenÃ§a
- **FIFO**: Lucro maior (R$ 12,50) - mais preciso
- **Custo MÃ©dio**: Lucro menor (R$ 8,50) - mais simples

---

## âœ… Resumo da SimulaÃ§Ã£o

### Compras
| Lote | Quantidade | Custo Unit. | Custo Total |
|------|------------|-------------|-------------|
| Lote 1 | 10kg | R$ 2,00/kg | R$ 20,00 |
| Lote 2 | 10kg | R$ 2,50/kg | R$ 25,00 |
| Lote 3 | 10kg | R$ 2,80/kg | R$ 28,00 |
| **TOTAL COMPRADO** | **30kg** | - | **R$ 73,00** |

### Venda (Custo MÃ©dio)
- **Quantidade**: 15kg
- **PreÃ§o de Venda**: R$ 45,00 (R$ 3,00/kg)
- **CMV**: R$ 36,50 (R$ 2,43/kg)
- **Lucro**: R$ 8,50 (18,9%)

### Estoque Final
- **Quantidade Restante**: 15kg
- **Valor do Estoque**: R$ 36,50
- **Custo MÃ©dio**: R$ 2,43/kg

---

## ğŸ¯ Como Funciona no Sistema

### 1. ConfiguraÃ§Ã£o
Acesse `/admin/estoque/configuracoes` e selecione:
- **MÃ©todo de ValoraÃ§Ã£o**: Custo MÃ©dio Ponderado
- **Loja**: Selecione a loja

### 2. Compras (Entrada de Lotes)
Ao importar uma NF-e ou criar um lote manualmente:
```typescript
// O sistema calcula automaticamente o novo custo mÃ©dio
const novoEstoque = estoqueAtual + quantidadeCompra;
const novoValorTotal = (estoqueAtual Ã— custoMedio) + (quantidadeCompra Ã— custoCompra);
const novoCustoMedio = novoValorTotal / novoEstoque;

// Atualiza o campo averageCost do produto
await db.update(products)
  .set({ averageCost: novoCustoMedio })
  .where(eq(products.id, productId));
```

### 3. Vendas (SaÃ­da de Estoque)
Ao confirmar uma venda:
```typescript
// Usa o custo mÃ©dio atual do produto
const cmv = quantidadeVendida Ã— product.averageCost;

// Registra a movimentaÃ§Ã£o com o custo mÃ©dio
await db.insert(stockMovements).values({
  productId,
  storeId,
  movementType: 'sale',
  quantity: -quantidadeVendida,
  unitCost: product.averageCost, // Custo mÃ©dio
  reason: 'Venda',
});

// O custo mÃ©dio NÃƒO muda apÃ³s a venda
// Apenas diminui a quantidade em estoque
```

### 4. RelatÃ³rios
Acesse `/admin/relatorios` para ver:
- **Custo MÃ©dio** de cada produto
- **CMV** de cada venda
- **Margem de Lucro** real
- **Valor do Estoque** atual

---

## ğŸ“ Vantagens do Custo MÃ©dio Ponderado

### âœ… Vantagens
1. **Simplicidade**: CÃ¡lculo mais simples que FIFO
2. **Aceito pela Receita Federal**: MÃ©todo permitido
3. **Suaviza variaÃ§Ãµes**: NÃ£o sofre tanto com oscilaÃ§Ãµes de preÃ§o
4. **Menos movimentaÃ§Ãµes**: NÃ£o precisa rastrear cada lote individualmente

### âš ï¸ Desvantagens
1. **Menos preciso**: NÃ£o reflete o custo real de cada lote
2. **Margem distorcida**: Pode mostrar margens diferentes da realidade
3. **Sem rastreabilidade**: Dificulta rastrear lotes especÃ­ficos
4. **NÃ£o ideal para perecÃ­veis**: Produtos com validade precisam de FIFO

---

## ğŸ”§ ImplementaÃ§Ã£o no CÃ³digo

### FunÃ§Ã£o de Baixa com Custo MÃ©dio
```typescript
// server/salesRouter.ts - withdrawAverageCost()

async function withdrawAverageCost(
  productId: number,
  storeId: number,
  quantity: number,
  orderId?: number
) {
  // 1. Buscar produto para pegar custo mÃ©dio
  const [product] = await db
    .select()
    .from(products)
    .where(eq(products.id, productId))
    .limit(1);

  // 2. Usar custo mÃ©dio (averageCost) para calcular CMV
  const unitCost = product.averageCost;
  const cmv = quantity * unitCost;

  // 3. Registrar movimentaÃ§Ã£o com custo mÃ©dio
  await db.insert(stockMovements).values({
    productId,
    storeId,
    movementType: 'sale',
    quantity: -quantity,
    unitCost, // Custo mÃ©dio do produto
    orderId,
    reason: 'Venda com Custo MÃ©dio',
  });

  // 4. Atualizar estoque
  await db
    .update(productStocks)
    .set({ quantity: stock.quantity - quantity })
    .where(eq(productStocks.id, stock.id));

  return { success: true, cmv };
}
```

---

## ğŸ“ ConclusÃ£o

O sistema estÃ¡ **100% funcional** com **Custo MÃ©dio Ponderado**! ğŸ‰

Para usar:
1. Configure o mÃ©todo em `/admin/estoque/configuracoes`
2. FaÃ§a compras normalmente (NF-e ou manual)
3. O sistema calcula o custo mÃ©dio automaticamente
4. Nas vendas, usa o custo mÃ©dio para calcular CMV
5. Veja os relatÃ³rios em `/admin/relatorios`

**Pronto para produÃ§Ã£o!** âœ…
